
@string{ACM		= {Association for Computing Machinery}}
@string{ACADEMIC	= {Academic Press}}
@string{ADDISON		= {Addison--Wesley Publishing Company}}
@string{CACM		= {Communications of the Association for Computing Machinery}}
@string{CCITT		= {International Telegraph and Telephone}}
@string{IEEE		= {Institute for Electrical and Electronics Engineers}}
@string{LNAI		= {Lecture Notes on Artificial Intelligence}}
@string{LNCS		= {Lecture Notes on Computer Science}}
@string{MITPRESS    = {MIT Press}}
@string{MORGAN		= {Morgan Kaufmann Publishers, Inc.}}
@string{OREILLY		= {O'Reilley \& Associates}}
@string{PRENTICE	= {Prentice/Hall International}}
@string{SPRINGER	= {Springer Verlag}}
@string{TEUBNER		= {B. G. Teubner Stuttgart}}
@string{WILEY		= {John Wiley \& Sons Ltd.}}
@string{CHAPMAN     = {Chapman \& Hall}}
@string{MCGRAWHILL	= {McGraw--Hill, Inc.}}


@TechReport{aitrader,
  author = 	 "A. Puder",
  title = 	 {{Introduction to the AI--Trader Project}},
  institution =  "Computer Science Department",
  year = 	 1995,
  type =	 "http://\-www.vsb.informatik.uni--frankfurt.de/\-projects/\-aitrader/",
  address =	 "University of Frankfurt"
}


@misc{corba,
        title = {{Object Management Group (OMG), The Common Object
                Request Broker: Architecure and Specification, 
                Revision 2.2}},
        month = feb,
        key   = "OMG98",
        year = 1998
}       


@Book{dce1.0,
  author = 	 {{Open Software Foundation}},
  title = 	 {{Introduction to DCE}},
  publisher = 	 "Open Software Foundation, Inc.",
  year = 	 1992
}


@Book{flanagan:96,
  author = 	 "D. Flanagan",
  title = 	 "Java in a Nutshell",
  publisher = 	 OREILLY,
  year = 	 1996
}

				  
@InCollection{garland:93,
  author =       "S.J. Garland and J.V. Guttag and J.J. Horning",
  editor =       "P.E. Lauer",
  title =        {{An Overview of Larch}},
  booktitle =    "Functional Programming, Concurrency, Simulation and
                  Automated Reasoning",
  pages =        "329--348",
  publisher =    SPRINGER,
  address =      "Berlin",
  year =         1993,
  keywords =     "LNCS parallel"
}


@book{goscinski:91,
	author = "A. Goscinski",
	title = {{Distributed Operating Systems, The Logical Design}},
	publisher = ADDISON,
	year = 1991
}

@TechReport{leavens:93,
  author = 	 "G.T. Leavens and Y. Cheon",
  title = 	 {{Extending CORBA--IDL to specify Behavior with Larch}},
  institution =  "Department of Computer Science",
  year = 	 1993,
  number =	 "TR93--20",
  address =	 "Iowa State University"
}


@book{levine:92,
        AUTHOR    = {J.R. Levine and T. Mason and D. Brown},
        TITLE     = {Lex \& Yacc},
        EDITION   = {second, major rev.},
        PUBLISHER = OREILLY,
        YEAR      = 1992
}


@misc{odprm1,
	title = "{ITU.TS} {R}ecommendation {X.901} | {ISO/IEC} 10746--1:
		{B}asic {R}eference {M}odel of {O}pen {D}istributed
                {P}rocessing {P}art 1:
		{O}verview and {G}uide to the use of the {R}eference {M}odel",
	month = jul,
	key   = {ISO94a},
        year = 1994
}


@misc{odprm2,
	title = "{ITU.TS} {R}ecommendation {X.902} | {ISO/IEC} 10746--2:
		{B}asic {R}eference {M}odel of {O}pen {D}istributed
                {P}rocessing {P}art 2:
		{D}escriptive {M}odel",
        key   = "ISO94b",
	year = 1994
}


@misc{odprm3,
	title = "{ITU.TS} {R}ecommendation {X.903} | {ISO/IEC} 10746--3:
		{B}asic {R}eference {M}odel of {O}pen {D}istributed
                {P}rocessing {P}art 3:
		{P}rescriptive {M}odel",
        key   = "ISO94c",
	month = feb,
        year = 1994
}


@misc{odprm4,
	title = "{ITU.TS} {R}ecommendation {X.904} | {ISO/IEC} 10746--4:
        	{B}asic {R}eference {M}odel of {O}pen {D}istributed
                {P}rocessing {P}art 4:
                {A}rchitectural {S}emantics",
        key   = "ISO94d",
        year = 1994
}


@misc{odptrader,
	title     = {{ODP Trading Function, ITU/ISO Committee Draft 
			Standard ISO/IEC DIS13235 Rec. X.9tr}},
	key	  = "ISO94e",
        month     = may,
	year      = 1995
}


@Book{orbix2.0,
  author = 	 {{IONA Technologies Ltd.}},
  title = 	 {{Orbix 2 --- Distributed Object Technology}},
  publisher = 	 "Iona",
  year = 	 1996
}


@InProceedings{puder:97a,
  author = 	 {A. Puder and K. R\"omer},
  title = 	 {{Using a Meta--Notation in a CORBA environment}},
  booktitle =    {{CORBA: Implementation, Use and Evaluation, ECOOP}},
  year =	 1997,
  address =	 {{Jyv\"askyl\"a, Finland}},
  month =	 jun
}


@book{siegel:96,
        author     = {J. Siegel},
        title      = {CORBA: Fundamentals and Programming},
        publisher  = WILEY,
        year       = 1996
}

@book{sowa:84,
        AUTHOR    = {J.F. Sowa},
        TITLE     = {Conceptual Structures, information processing 
                     mind and machine}, 
        PUBLISHER = ADDISON,
        YEAR      = 1984
}



